<record><leader>00000cas a22000007a 4500</leader><controlfield tag="001">15685155</controlfield><controlfield tag="008">870514d18431847pauwr ne      0    0eng  </controlfield><datafield ind1=" " ind2=" " tag="010"><subfield code="a">sn 87062184 </subfield></datafield><datafield ind1=" " ind2=" " tag="040"><subfield code="a">DLC</subfield><subfield code="b">eng</subfield><subfield code="c">DLC</subfield><subfield code="d">NPH</subfield><subfield code="d">OCLCQ</subfield></datafield><datafield ind1=" " ind2=" " tag="042"><subfield code="a">msc</subfield></datafield><datafield ind1="0" ind2="0" tag="050"><subfield code="a">Newspaper 9375-X</subfield></datafield><datafield ind1="0" ind2="0" tag="245"><subfield code="a">Weekly United States gazette.</subfield></datafield><datafield ind1=" " ind2=" " tag="260"><subfield code="a">Philadelphia [Pa.] :</subfield><subfield code="b">Jos. R. Chandler</subfield></datafield><datafield ind1=" " ind2=" " tag="300"><subfield code="a">v. :</subfield><subfield code="b">ill. (chiefly advertisements) ;</subfield><subfield code="c">68 cm.</subfield></datafield><datafield ind1=" " ind2=" " tag="310"><subfield code="a">Weekly</subfield></datafield><datafield ind1="1" ind2=" " tag="362"><subfield code="a">Began in 1843; ceased June 30, 1847?</subfield></datafield><datafield ind1=" " ind2=" " tag="588"><subfield code="a">Description based on: Vol. 1, no. 19 (May 13, 1843).</subfield></datafield><datafield ind1=" " ind2=" " tag="752"><subfield code="a">United States</subfield><subfield code="b">Pennsylvania</subfield><subfield code="c">Philadelphia</subfield><subfield code="d">Philadelphia.</subfield></datafield><datafield ind1="0" ind2=" " tag="775"><subfield code="t">United States gazette (Philadelphia, Pa. : 1823 : Daily)</subfield><subfield code="w">(DLC)sn 84026283</subfield></datafield><datafield ind1="0" ind2=" " tag="775"><subfield code="t">United States gazette (Philadelphia, Pa. : 1824 : Semiweekly)</subfield><subfield code="w">(DLC)sn 84026281</subfield></datafield><datafield ind1="1" ind2=" " tag="029"><subfield code="a">AU@</subfield><subfield code="b">000025840877</subfield></datafield></record>